<record><leader>00000cas a22000007a 4500</leader><controlfield tag="001">15497203</controlfield><controlfield tag="008">870407d18601864iauwr ne      0    0eng d</controlfield><datafield ind1=" " ind2=" " tag="010"><subfield code="a">sn 87058116 </subfield></datafield><datafield ind1=" " ind2=" " tag="040"><subfield code="a">INP</subfield><subfield code="b">eng</subfield><subfield code="c">INP</subfield><subfield code="d">MGN</subfield><subfield code="d">OCLCQ</subfield></datafield><datafield ind1=" " ind2=" " tag="042"><subfield code="a">msc</subfield></datafield><datafield ind1="0" ind2="4" tag="245"><subfield code="a">The Wheatland times.</subfield></datafield><datafield ind1=" " ind2=" " tag="260"><subfield code="a">Wheatland, Iowa :</subfield><subfield code="b">O.D. Crane</subfield></datafield><datafield ind1=" " ind2=" " tag="300"><subfield code="a">v.</subfield></datafield><datafield ind1=" " ind2=" " tag="310"><subfield code="a">Weekly</subfield></datafield><datafield ind1="1" ind2=" " tag="362"><subfield code="a">Began Feb. 4, 1860; ceased in Sept. 1864.</subfield></datafield><datafield ind1=" " ind2=" " tag="500"><subfield code="a">Publisher varies.</subfield></datafield><datafield ind1=" " ind2=" " tag="588"><subfield code="a">Description based on: Vol. 1, no. 2 (Feb. 11, 1860).</subfield></datafield><datafield ind1=" " ind2=" " tag="752"><subfield code="a">United States</subfield><subfield code="b">Iowa</subfield><subfield code="c">Clinton</subfield><subfield code="d">Wheatland.</subfield></datafield><datafield ind1="0" ind2="0" tag="785"><subfield code="t">Clinton County advocate</subfield><subfield code="w">(DLC)sn 84038609</subfield></datafield></record>